%% Created using Papers on Fri, 06 Dec 2013.
%% http://papersapp.com/papers/

@inproceedings{Shi:1999je,
author = {Shi, Yuhui and Eberhart, R C},
title = {{Empirical study of particle swarm optimization}},
booktitle = {Evolutionary Computation, 1999. CEC 99. Proceedings of the 1999 Congress on},
year = {1999}
}

@inproceedings{Evers:2009ka,
author = {Evers, G I and Ben Ghalia, M},
title = {{Regrouping particle swarm optimization: A new global optimization algorithm with improved performance consistency across benchmarks}},
booktitle = {Systems, Man and Cybernetics, 2009. SMC 2009. IEEE International Conference on},
year = {2009},
pages = {3901--3908},
publisher = {IEEE},
month = oct
}

@article{Trelea:2003dv,
author = {Trelea, I C},
title = {{The particle swarm optimization algorithm: convergence analysis and parameter selection}},
journal = {Information processing letters},
year = {2003}
}

@phdthesis{vandenBergh:2002tk,
author = {van den Bergh, Frans},
title = {{An analysis of particle swarm optimizers}},
school = {University of Pretoria},
year = {2002}
}

@inproceedings{Suganthan:1999iv,
author = {Suganthan, P N},
title = {{Particle swarm optimiser with neighbourhood operator}},
booktitle = {Evolutionary Computation, 1999. CEC 99. Proceedings of the 1999 Congress on},
year = {1999}
}

@inproceedings{Kennedy:1995bi,
author = {Kennedy, J and Eberhart, R},
title = {{Particle swarm optimization}},
booktitle = {Neural Networks, 1995. Proceedings., IEEE International Conference on},
year = {1995},
pages = {1942--1948}
}

@inproceedings{Shi:1998kl,
author = {Shi, Yuhui and Eberhart, R},
title = {{A modified particle swarm optimizer}},
booktitle = {Evolutionary Computation Proceedings, 1998. IEEE World Congress on Computational Intelligence., The 1998 IEEE International Conference on},
year = {1998},
pages = {69--73},
publisher = {IEEE}
}

@article{Bratton:2007hq,
author = {Bratton, D and Kennedy, J},
title = {{Defining a Standard for Particle Swarm Optimization}},
journal = {Swarm Intelligence Symposium, 2007. SIS 2007. IEEE},
year = {2007},
pages = {120--127}
}

@inproceedings{Ozcan:1999jk,
author = {Ozcan, E and Mohan, C K},
title = {{Particle swarm optimization: surfing the waves}},
booktitle = {Evolutionary Computation, 1999. CEC 99. Proceedings of the 1999 Congress on},
year = {1999}
}

@article{Clerc:2012to,
author = {Clerc, M},
title = {{Standard Particle Swarm Optimisation}},
year = {2012},
pages = {1--15},
month = sep
}

@article{ZambranoBigiarini:2013dl,
author = {Zambrano-Bigiarini, M and Clerc, M and Rojas, R},
title = {{Standard Particle Swarm Optimisation 2011 at CEC-2013: A baseline for future PSO improvements}},
journal = {Evolutionary Computation (CEC), 2013 IEEE Congress on},
year = {2013},
pages = {2337--2344}
}

@inproceedings{vandenBergh:2002ej,
author = {van den Bergh, Frans and Engelbrecht, A P},
title = {{A new locally convergent particle swarm optimiser}},
booktitle = {Systems, Man and Cybernetics, 2002 IEEE International Conference on},
year = {2002}
}

@incollection{Kennedy:2006hn,
author = {Kennedy, J},
title = {{Handbook of Nature-Inspired and Innovative Computing}},
booktitle = {Integrating Classical Models with Emerging Technologies},
year = {2006},
editor = {Zomaya, Albert Y},
pages = {187--219},
publisher = {Springer US}
}

